@article{rubenstein2003model,
  title={Model of autism: increased ratio of excitation/inhibition in key neural systems},
  author={Rubenstein, JLR and Merzenich, Michael M},
  journal={Genes, Brain and Behavior},
  volume={2},
  number={5},
  pages={255--267},
  year={2003},
  publisher={Wiley Online Library}
}

@misc{brugha2012estimating,
  title={Estimating the Prevalence of Autism Spectrum Conditions in Adults: Extending the 2007 Adult Psychiatric},
  author={Brugha, T and Cooper, SA and McManus, S and Purdon, S and Smith, J and Scott, FJ and Spiers, N and Tyrer, F},
  year={2012}
}

@article{buescher2014costs,
  title={Costs of autism spectrum disorders in the United Kingdom and the United States},
  author={Buescher, Ariane VS and Cidav, Zuleyha and Knapp, Martin and Mandell, David S},
  journal={JAMA pediatrics},
  volume={168},
  number={8},
  pages={721--728},
  year={2014},
  publisher={American Medical Association}
}

@article{buitelaar2003have,
  title={Why have drug treatments been so disappointing},
  author={Buitelaar, Jan K},
  journal={Autism: Neural basis and treatment possibilities},
  pages={235--249},
  year={2003}
}


@techreport{allen2017GLIF,
	
	Institution = {the Allen institute for brain science},
	Title = {Technical white paper : GLIF models},
	Year = {2017}}
